<?xml version="1.0" encoding="UTF-8"?>
<collection xmlns:xsi="http://www.w3.org/2001/XMLSchema-instance" xsi:schemaLocation="http://www.loc.gov/MARC21/slim http://www.loc.gov/standards/marcxml/schema/MARC21slim.xsd" xmlns="http://www.loc.gov/MARC21/slim">
<record>
  <leader>00839cam a22002291  4500</leader>
  <controlfield tag="001">2980265</controlfield>
  <controlfield tag="003">NNC</controlfield>
  <controlfield tag="005">20150817132346.0</controlfield>
  <controlfield tag="008">880621s1924    ua            000 0 arard</controlfield>
  <datafield tag="035" ind1=" " ind2=" ">
    <subfield code="a">(OCoLC)ocm18116438</subfield>
  </datafield>
  <datafield tag="035" ind1=" " ind2=" ">
    <subfield code="9">ASM7349CU</subfield>
  </datafield>
  <datafield tag="035" ind1=" " ind2=" ">
    <subfield code="a">(NNC)2980265</subfield>
  </datafield>
  <datafield tag="040" ind1=" " ind2=" ">
    <subfield code="a">WAU</subfield>
    <subfield code="c">WAU</subfield>
    <subfield code="d">ZCU</subfield>
  </datafield>
  <datafield tag="090" ind1=" " ind2=" ">
    <subfield code="a">PJ6620.F54</subfield>
    <subfield code="b">T3</subfield>
  </datafield>
  <datafield tag="100" ind1="1" ind2=" ">
    <subfield code="a">Taymūr, Aḥmad,</subfield>
    <subfield code="d">1871-1930.</subfield>
  </datafield>
  <datafield tag="245" ind1="1" ind2="0">
    <subfield code="a">Taṣḥīḥ al-Qāmūs al-muḥīt,</subfield>
    <subfield code="c">bi-qalam Aḥmad Taymūr.</subfield>
  </datafield>
  <datafield tag="250" ind1=" " ind2=" ">
    <subfield code="a">al-Ṭabʻah 1.</subfield>
  </datafield>
  <datafield tag="260" ind1=" " ind2=" ">
    <subfield code="a">al-Qāhirah,</subfield>
    <subfield code="b">al-Maṭbaʻah al-Salafīyah wa-Maktabatuhā,</subfield>
    <subfield code="c">1343 [1924 or 5]</subfield>
  </datafield>
  <datafield tag="300" ind1=" " ind2=" ">
    <subfield code="a">49 p.</subfield>
  </datafield>
  <datafield tag="500" ind1=" " ind2=" ">
    <subfield code="a">Corrigenda to the Būlāq edition of al-Muḥīṭ al-qāmūs, published in 1303 A. H. (1885 or 6)</subfield>
  </datafield>
  <datafield tag="600" ind1="1" ind2="0">
    <subfield code="a">Fīrūzābādī, Muḥammad ibn Yaʻqūb,</subfield>
    <subfield code="d">1329-1414 or 1415.</subfield>
    <subfield code="t">Qāmūs al-muḥīṭ.</subfield>
  </datafield>
  <datafield tag="955" ind1=" " ind2=" ">
    <subfield code="b">0045331774</subfield>
    <subfield code="d">glx</subfield>
    <subfield code="e">PJ6620.F54 T3</subfield>
  </datafield>
</record>
</collection>